
@article{hearst1998support,
  title={Support vector machines},
  author={Hearst, Marti A. and Dumais, Susan T and Osuna, Edgar and Platt, John and Scholkopf, Bernhard},
  journal={IEEE Intelligent Systems and their applications},
  volume={13},
  number={4},
  pages={18--28},
  year={1998},
  publisher={IEEE}
}

@misc{utkarsh2023breastcancer,
  author       = {Utkarsh Sharma},
  title        = {Breast Cancer Wisconsin Diagnostic Dataset},
  year         = {2023},
  howpublished = {\url{https://www.kaggle.com/datasets/utkarshx27/breast-cancer-wisconsin-diagnostic-dataset}},
  note         = {Accessed: 2024-12-25}
}

@article{breiman2001random,
  title={Random forests},
  author={Breiman, Leo},
  journal={Machine learning},
  volume={45},
  pages={5--32},
  year={2001},
  publisher={Springer}
}

@article{hastie2009multi,
  title={Multi-class adaboost},
  author={Hastie, Trevor and Rosset, Saharon and Zhu, Ji and Zou, Hui},
  journal={Statistics and its Interface},
  volume={2},
  number={3},
  pages={349--360},
  year={2009},
  publisher={International Press of Boston}
}

@inproceedings{qin20191,
  title={l 1-2 regularized logistic regression},
  author={Qin, Jing and Lou, Yifei},
  booktitle={2019 53rd Asilomar conference on signals, systems, and computers},
  pages={779--783},
  year={2019},
  organization={IEEE}
}

@inproceedings{guo2003knn,
  title={KNN model-based approach in classification},
  author={Guo, Gongde and Wang, Hui and Bell, David and Bi, Yaxin and Greer, Kieran},
  booktitle={On The Move to Meaningful Internet Systems 2003: CoopIS, DOA, and ODBASE: OTM Confederated International Conferences, CoopIS, DOA, and ODBASE 2003, Catania, Sicily, Italy, November 3-7, 2003. Proceedings},
  pages={986--996},
  year={2003},
  organization={Springer}
}